@inproceedings{Garofalakis99,
 author = {Garofalakis, Minos N. and Rastogi, Rajeev and Shim, Kyuseok},
 title = {SPIRIT: Sequential Pattern Mining with Regular Expression Constraints},
 booktitle = {Proceedings of the 25th International Conference on Very Large Data Bases},
 series = {VLDB '99},
 year = {1999},
 isbn = {1-55860-615-7},
 pages = {223--234},
 numpages = {12},
 url = {http://dl.acm.org/citation.cfm?id=645925.671514},
 acmid = {671514},
 publisher = {Morgan Kaufmann Publishers Inc.},
 address = {San Francisco, CA, USA},
} 

@inproceedings{Han95,
 author = {Han, Jiawei and Fu, Yongjian},
 title = {Discovery of Multiple-Level Association Rules from Large Databases},
 booktitle = {Proceedings of the 21th International Conference on Very Large Data Bases},
 series = {VLDB '95},
 year = {1995},
 isbn = {1-55860-379-4},
 pages = {420--431},
 numpages = {12},
 url = {http://dl.acm.org/citation.cfm?id=645921.673134},
 acmid = {673134},
 publisher = {Morgan Kaufmann Publishers Inc.},
 address = {San Francisco, CA, USA},
} 

@article{Han00,
 author = {Han, Jiawei and Pei, Jian and Yin, Yiwen},
 title = {Mining Frequent Patterns Without Candidate Generation},
 journal = {SIGMOD Rec.},
 issue_date = {June 2000},
 volume = {29},
 number = {2},
 month = may,
 year = {2000},
 issn = {0163-5808},
 pages = {1--12},
 numpages = {12},
 url = {http://doi.acm.org/10.1145/335191.335372},
 doi = {10.1145/335191.335372},
 acmid = {335372},
 publisher = {ACM},
 address = {New York, NY, USA},
}

@book{HanBOOK,
 author = {Han, Jiawei},
 title = {Data Mining: Concepts and Techniques},
 year = {2005},
 isbn = {1558609016},
 publisher = {Morgan Kaufmann Publishers Inc.},
 address = {San Francisco, CA, USA},
}  

@article{Ng98,
 author = {Ng, Raymond T. and Lakshmanan, Laks V. S. and Han, Jiawei and Pang, Alex},
 title = {Exploratory Mining and Pruning Optimizations of Constrained Associations Rules},
 journal = {SIGMOD Rec.},
 issue_date = {June 1998},
 volume = {27},
 number = {2},
 month = jun,
 year = {1998},
 issn = {0163-5808},
 pages = {13--24},
 numpages = {12},
 url = {http://doi.acm.org/10.1145/276305.276307},
 doi = {10.1145/276305.276307},
 acmid = {276307},
 publisher = {ACM},
 address = {New York, NY, USA},
} 

@inproceedings{Park95,
 author = {Park, Jong Soo and Chen, Ming-Syan and Yu, Philip S.},
 title = {An Effective Hash-based Algorithm for Mining Association Rules},
 booktitle = {Proceedings of the 1995 ACM SIGMOD International Conference 
	 on Management of Data},
 series = {SIGMOD '95},
 year = {1995},
 isbn = {0-89791-731-6},
 location = {San Jose, California, USA},
 pages = {175--186},
 numpages = {12},
 url = {http://doi.acm.org/10.1145/223784.223813},
 doi = {10.1145/223784.223813},
 acmid = {223813},
 publisher = {ACM},
 address = {New York, NY, USA},
}

@book{Petersohn05,
  title={Data Mining: Verfahren, Prozesse, Anwendungsarchitektur},
  author={Petersohn, H.},
  isbn={9783486577150},
  url={https://books.google.de/books?id=U8B3tx4f--kC},
  year={2005},
  publisher={Oldenbourg}
}

@inproceedings{Toi96,
 author = {Toivonen, Hannu},
 title = {Sampling Large Databases for Association Rules},
 booktitle = {Proceedings of the 22th International Conference on Very Large Data Bases},
 series = {VLDB '96},
 year = {1996},
 isbn = {1-55860-382-4},
 pages = {134--145},
 numpages = {12},
 url = {http://dl.acm.org/citation.cfm?id=645922.673325},
 acmid = {673325},
 publisher = {Morgan Kaufmann Publishers Inc.},
 address = {San Francisco, CA, USA},
} 

@book{Witten11,
 author = {Witten, Ian H. and Frank, Eibe and Hall, Mark A.},
 title = {Data Mining: Practical Machine Learning Tools and Techniques},
 year = {2011},
 isbn = {0123748569, 9780123748560},
 edition = {3rd},
 publisher = {Morgan Kaufmann Publishers Inc.},
 address = {San Francisco, CA, USA},
} 
